@misc{freight_forwarder_indeed,
  author    = {Indeed Editorial Team},
  title     = {What Is {F}reight {F}orwarding? {D}efinition, {B}enefits and {K}ey {S}tages},
  year      = {2024},
  url       = {https://www.indeed.com/career-advice/career-development/freight-forwarder-meaning},
  note      = {Accessed: 2024-12-13}
}
@misc{api_definition,
  author    = {MuleSoft},
  title     = {What is an {A}PI ({A}pplication {P}rogramming {I}nterface)?},
  year      = {n.d.}, 
  url       = {https://www.mulesoft.com/api/what-is-an-api},
  note      = {Accessed: 2024-12-13}
}

@misc{harris_microservices_vs_monolith,
  author    = {Harris, C.},
  title     = {Microservices vs. monolithic architecture},
  year      = {n.d.},
  url       = {https://www.atlassian.com/microservices/microservices-architecture/microservices-vs-monolith},
  note      = {Accessed: 2024-12-13}
}
@misc{multi-tenant-architecture,
  author    = {Bigelow, Stephen J. and Gillis, Alexander S.},
  title     = {What is multi-tenancy (multi-tenant architecture)?},
  year      = {2024},
  url       = {https://www.techtarget.com/whatis/definition/multi-tenancy},
  note      = {Accessed: 2024-12-13}
}
@misc{java-definition,
  author    = {GeeksforGeeks},
  title     = {Introduction to {J}ava},
  year      = {2024},
  url       = {https://www.geeksforgeeks.org/introduction-to-java/},
  note      = {Accessed: 2024-12-13}
}
@misc{html5,
  author    = {GeeksforGeeks},
  title     = {HTML5 | {I}ntroduction},
  year      = {2023},
  url       = {https://www.geeksforgeeks.org/html5-introduction/},
  note      = {Accessed: 2024-12-13}
}
@misc{css,
  author    = {GeeksforGeeks},
  title     = {CSS {I}ntroduction},
  year      = {2024},
  url       = {https://www.geeksforgeeks.org/css-introduction/},
  note      = {Accessed: 2024-12-13}
}
@misc{js,
  author    = {GeeksforGeeks},
  title     = {Introduction to {J}avaScript},
  year      = {2024},
  url       = {https://www.geeksforgeeks.org/introduction-to-javascript/},
  note      = {Accessed: 2024-12-13}
}

@misc{ts,
  author    = {Typescript},
  title     = {Typescript},
  year      = {n.a},
  url       = {https://www.typescriptlang.org/},
  note      = {Accessed: 2024-12-13}
}

@misc{nodejs-intro,
  author = {Node.js Foundation},
  title = {Introduction to Node.js},
  url = {https://nodejs.org/en/learn/getting-started/introduction-to-nodejs},
  note = {Accessed: 2024-12-13},
  year ={n.d.}
}
@misc{reactjs,
  author = {Sanity},
  title = {React.js overview},
  year = {2024},
  url = {https://www.sanity.io/glossary/react-js},
  note = {Accessed: 2024-12-13}
}
@misc{postgres,
  author = {PostgreSQL},
  title = {About},
  year = {n.d.},
  url = {https://www.postgresql.org/about/},
  note = {Accessed: 2024-12-13}
}
@misc{docker,
  author = {Docker},
  title = {What is {D}ocker?},
  year = {n.d.},
  url = {https://docs.docker.com/get-started/docker-overview/},
  note = {Accessed: 2024-12-13}
}
@misc{github,
  author = {Jamie Juviler},
  title = {What {I}s {G}itHub? ({A}nd {W}hat {I}s {I}t {U}sed {F}or?)},
  year = {2021},
  url = {https://blog.hubspot.com/website/what-is-github-used-for},
  note = {Accessed: 2024-12-13}
}

@misc{what-is-jira,
  author = {Jira Team},
  title = {Welcome to {J}ira},
  year = {n.d.},
  url = {https://www.atlassian.com/software/jira/guides/getting-started/introduction#what-is-jira-software},
  note = {Accessed: 2024-12-13}
}
@misc{ant-design,
  author = {GeeksforGeeks},
  title = {Ant {D}esign},
  year = {n.d.},
  url = {https://www.geeksforgeeks.org/ant-design/},
  note = {Accessed: 2024-12-13}
}

@misc{freightify,
  author = {freightify},
  title = {Powering {D}igital {T}ransformation for {F}reight {F}orwarders},
  year = {n.d.},
  url = {https://www.freightify.com/about-us},
  note = {Accessed: 2024-12-13}
}



@misc{wto2022,
    author = {World Trade Organization},
    title = {World Trade Report 2022: Climate Change and International Trade},
    institution = {WTO Publications},
    year = {2022},
    url = {https://www.wto.org/english/res_e/publications_e/wtr22_e.htm},
    urldate = {2023-12-15}
}


@misc{oecd2021,
    author = {Organisation for Economic Co-operation and Development},
    title = {The Digital Transformation of Logistics},
    institution = {OECD},
    year = {2021},
    url = {https://www.oecd.org/trade/topics/trade-facilitation/},
    urldate = {2023-12-15}
}

@misc{worldbank2022,
    author = {World Bank Group},
    title = {Logistics Performance Index: Connecting to Compete 2022},
    institution = {World Bank},
    year = {2022},
    url = {https://lpi.worldbank.org/},
    urldate = {2023-12-15}
}

@misc{unece2023,
    author = {United Nations Economic Commission for Europe},
    title = {Trade Facilitation and Electronic Business},
    institution = {UNECE},
    year = {2023},
    url = {https://unece.org/trade/uncefact},
    urldate = {2023-12-15}
}

@misc{itu2022,
    author = {International Telecommunication Union},
    title = {Digital Trends in Transport and Logistics},
    institution = {ITU},
    year = {2022},
    url = {https://www.itu.int/en/publications/},
    urldate = {2023-12-15}
}

@misc{wco2023,
    author = {World Customs Organization},
    title = {Global Trade Facilitation},
    year = {2023},
    url = {http://www.wcoomd.org/},
    urldate = {2023-12-15}
}

@misc{unescap2022,
    author = {United Nations Economic and Social Commission for Asia and the Pacific},
    title = {Digital and Sustainable Trade Facilitation Report 2022},
    institution = {UNESCAP},
    year = {2022},
    url = {https://www.unescap.org/kp/2022/untf-survey-2023},
    urldate = {2023-12-15}
}

@misc{europa2023,
    author = {European Commission},
    title = {Digital Transport and Logistics Forum},
    year = {2023},
    url = {https://transport.ec.europa.eu/transport-themes/digital-transport-and-logistics-forum-dtlf_en},
    urldate = {2023-12-15}
}

@misc{unido2023,
    author = {United Nations Industrial Development Organization},
    title = {Inclusive and Sustainable Industrial Development in the Digital Era},
    institution = {UNIDO},
    year = {2023},
    url = {https://www.unido.org/resources-publications-flagship-publications},
    urldate = {2023-12-15}
}

@misc{wto2021,
    author = {World Trade Organization},
    title = {E-commerce and Digital Trade},
    institution = {WTO},
    year = {2021},
    url = {https://www.wto.org/english/tratop_e/ecom_e/ecom_e.htm},
    urldate = {2023-12-15}
}

@misc{ilo2022,
    author = {International Labour Organization},
    title = {The Future of Work in the Transport Sector},
    institution = {ILO},
    year = {2022},
    url = {https://www.ilo.org/global/topics/future-of-work/},
    urldate = {2023-12-15}
}

@misc{nist2022,
    author = {National Institute of Standards and Technology},
    title = {Cloud Computing Security Reference Architecture},
    institution = {NIST},
    year = {2022},
    url = {https://csrc.nist.gov/publications/sp},
    urldate = {2023-12-15}
}

@misc{usability2023,
    author = {Nielsen Norman Group},
    title = {UX Guidelines for Enterprise Applications},
    year = {2023},
    url = {https://www.nngroup.com/articles/},
    urldate = {2023-12-15}
}

@misc{w3c2022,
    author = {World Wide Web Consortium},
    title = {Web Services Architecture},
    year = {2022},
    url = {https://www.w3.org/standards/webdesign/},
    urldate = {2023-12-15}
}

@misc{unece2021,
    author = {United Nations Economic Commission for Europe},
    title = {Digital Transformation for Sustainable Trade Facilitation},
    institution = {UNECE},
    year = {2021},
    url = {https://unece.org/trade/uncefact/mainstandards},
    urldate = {2023-12-15}
}

@misc{imo2023,
    author = {International Maritime Organization},
    title = {Facilitation of International Maritime Traffic},
    year = {2023},
    url = {https://www.imo.org/en/OurWork/Facilitation/},
    urldate = {2023-12-15}
}

@misc{unido2022,
    author = {United Nations Industrial Development Organization},
    title = {Supply Chain Management: Concepts and Practice},
    institution = {UNIDO},
    year = {2022},
    url = {https://www.unido.org/resources},
    urldate = {2023-12-15}
}

@article{fielding2000rest,
    author = {Fielding, Roy Thomas},
    title = {Architectural Styles and the Design of Network-based Software Architectures},
    journal = {Doctoral dissertation, University of California},
    year = {2000},
    url = {https://www.ics.uci.edu/~fielding/pubs/dissertation/top.htm},
    urldate = {2023-12-15}
}

@book{richardson2018microservices,
    author = {Richardson, Chris},
    title = {Microservices Patterns: With Examples in Java},
    publisher = {Manning Publications},
    year = {2018},
    url = {https://www.manning.com/books/microservices-patterns},
    urldate = {2023-12-15}
}

@inproceedings{bezemer2010multitenant,
    author = {Bezemer, Cor-Paul and Zaidman, Andy},
    title = {Multi-tenant SaaS applications: maintenance dream or nightmare?},
    booktitle = {Proceedings of the Joint ERCIM Workshop on Software Evolution and International Workshop on Principles of Software Evolution},
    pages = {88--92},
    year = {2010},
    url = {https://dl.acm.org/doi/10.1145/1862372.1862393},
    urldate = {2023-12-15}
}

@book{masse2011rest,
    author = {Masse, Mark},
    title = {REST API Design Rulebook: Designing Consistent RESTful Web Service Interfaces},
    publisher = {O'Reilly Media},
    year = {2011},
    url = {https://www.oreilly.com/library/view/rest-api-design/9781449317904/},
    urldate = {2023-12-15}
}

@book{mikowski2013spa,
    author = {Mikowski, Michael S. and Powell, Josh C.},
    title = {Single Page Web Applications: JavaScript End-to-end},
    publisher = {Manning Publications},
    year = {2013},
    url = {https://www.manning.com/books/single-page-web-applications},
    urldate = {2023-12-15}
}

@inproceedings{ireland2009orm,
    author = {Ireland, Christopher and Bowers, David and Newton, Michael and Waugh, Kevin},
    title = {A classification of object-relational impedance mismatch},
    booktitle = {First International Conference on Advances in Databases, Knowledge, and Data Applications},
    pages = {36--43},
    year = {2009},
    publisher = {IEEE},
    url = {https://ieeexplore.ieee.org/document/4782514},
    urldate = {2023-12-15}
}

@misc{chong2006multitenant,
    author = {Chong, Frederick and Carraro, Gianpaolo and Wolter, Roger},
    title = {Multi-tenant data architecture},
    year = {2006},
    publisher = {Microsoft Corporation},
    url = {https://docs.microsoft.com/en-us/previous-versions/aa479086(v=msdn.10)},
    urldate = {2023-12-15}
}

@book{marcotte2011responsive,
    author = {Marcotte, Ethan},
    title = {Responsive Web Design},
    publisher = {A Book Apart},
    year = {2011},
    url = {https://abookapart.com/products/responsive-web-design},
}

@misc{developer_mozilla,
    author = {Mozilla Developer Network},
    title = {Progressive Enhancement},
    year = {n.a},
    publisher = {Mozilla},
    url = {https://developer.mozilla.org/en-US/docs/Glossary/Progressive_Enhancement},
}

@misc{spring_boot,
    author = {Spring Team},
    title = {Spring Boot},
    year = {n.a},
    publisher = {Spring Team},
    url = {https://spring.io/projects/spring-boot},
}

@misc{nextjs,
  author = {Next.js},
  title = {Next.js},
  year = {n.a},
  publisher = {Vercel},
  url = {https://nextjs.org/},
  note = {Accessed: 2024-12-13}
}

@misc{redis,
  author = {Redis},
  title = {Redis},
  year = {n.a},
  publisher = {Redis},
  url = {https://redis.io/docs/latest/},
  note = {Accessed: 2024-12-13}
}

@misc{jwt,
  author = {JWT},
  title = {Introduction to JSON Web Tokens},
  year = {n.a},
  publisher = {JWT},
  url = {https://jwt.io/introduction},
  note = {Accessed: 2024-12-13}
}

